@BOOK{studijni-text,
    TITLE="A7 – Pozitronová emisní tomografie",
    YEAR="3.10.2017",
    howpublished = "\url{https://physics.mff.cuni.cz/vyuka/zfp/_media/zadani/texty/txt_407.pdf}",
}